@misc{kubernetes,
  title       = {A Kubernetes hivatalos oldala},
  url         = {https://kubernetes.io},
}

@dashboard{kubernetes-dashboard,
  title       = {A Kubernetes Dashboard hivatalos oldala},
  url         = {https://kubernetes.io/docs/tasks/access-application-cluster/web-ui-dashboard/},
}

@misc{docker,
  title       = {A Docker hivatalos oldala},
  url         = {https://www.docker.com},
}

@misc{grafana,
  title       = {A Grafana hivatalos oldala},
  url         = {https://grafana.com/},
}

@misc{kibana,
  title       = {A Kibana hivatalos oldala},
  url         = {https://www.elastic.co/kibana},
}

@misc{git,
  title       = {A Git hivatalos oldala},
  url         = {https://git-scm.com/},
}

@misc{trello,
  title       = {A Trello hivatalos oldala},
  url         = {https://trello.com},
}

@misc{vs,
  title       = {A Microsoft Visual Studio hivatalos oldala},
  url         = {https://visualstudio.microsoft.com/},
}

@misc{vs-code,
  title       = {A Microsoft Visual Studio Code hivatalos oldala},
  url         = {https://code.visualstudio.com/},
}

@misc{react,
  title       = {A React.js hivatalos oldala},
  url         = {https://reactjs.org/},
}

@misc{material,
  title       = {A Material hivatalos oldala},
  url         = {https://material.io/},
}

@misc{material-ui,
  title       = {A Material UI hivatalos oldala},
  url         = {https://material-ui.com/},
}

@misc{apexcharts,
  title       = {Az Apexcharts hivatalos oldala},
  url         = {https://apexcharts.com/},
}

@misc{google-map-react,
  title       = {A Google Map React hivatalos oldala},
  url         = {https://www.npmjs.com/package/google-map-react},
}

@thesis{birdnetes-tdk,
  author      = {Torma Kristóf és Pünkösdi Marcell},
  institution = {Budapesti Műszaki és Gazdaságtudományi Egyetem},
  title       = {Madárhang azonosító és riasztó felhő-natív rendszer},
  type        = {tdk},
  year        = {2020},
}